@article{CaselleMontecarlo,
  author  = {Michele Caselle},
  title   = {Montecarlo Methods and Molecular Dynamics lecture},
  year    = {2023},
  month   = {November},
  day     = {25}
}

@book{QuanField,
  author    = {István Montvay, Gernot Müster},
  title     = {Quantum Fields on a Lattice},
  year      = {1994},
  publisher = {Cambridge University Press}
}

@book{NewBar,
  author    = {E.J. Newman & G.T. Barkema},
  title     = {Monte carlo methods in statistical physics},
  year      = {1999},
  publisher = {Oxford Uinversity Press}
}

